<?xml version="1.0" encoding="UTF-8"?><collection xmlns="http://www.loc.gov/MARC21/slim"><record><leader>00549nam--2200205-i-4500</leader><controlfield tag="001">000027297</controlfield><controlfield tag="002">20161230</controlfield><controlfield tag="005">20161230201036</controlfield><controlfield tag="008">060222s1000------------r-----000-0-eng-d</controlfield><datafield ind1=" " ind2=" " tag="020"><subfield code="a">0521322383</subfield></datafield><datafield ind1=" " ind2=" " tag="040"><subfield code="a">IFIN-HH</subfield></datafield><datafield ind1=" " ind2=" " tag="080"><subfield code="a">681.787</subfield></datafield><datafield ind1="1" ind2=" " tag="100"><subfield code="a">Hernandez, G</subfield></datafield><datafield ind1="1" ind2="0" tag="245"><subfield code="a">Fabry-perot interferometers</subfield><subfield code="c">G. hernandez</subfield></datafield><datafield ind1=" " ind2=" " tag="260"><subfield code="a">SYDNEY</subfield><subfield code="b">Cambridge Univeristy Press</subfield><subfield code="c">1986</subfield></datafield><datafield ind1=" " ind2=" " tag="300"><subfield code="a">XI + 343P</subfield></datafield><datafield ind1=" " ind2=" " tag="490"><subfield code="a">Cambridge Studies In Modern Optics</subfield><subfield code="v">Vol. 3</subfield></datafield><datafield ind1=" " ind2=" " tag="650"><subfield code="a">Interferometer</subfield></datafield><datafield ind1=" " ind2=" " tag="852"><subfield code="a">74771</subfield><subfield code="c">535</subfield></datafield><datafield ind1=" " ind2=" " tag="CAT"><subfield code="a">Sys</subfield><subfield code="c">20101126</subfield><subfield code="h">100254</subfield></datafield></record></collection>